@article{Coll:CMSExperiment,
    author  = {The CMS Collaboration},
		title   = {The CMS experiment at the CERN LHC},
		journal = {Journal of Instrumentation},
		volume  = {3 08},
		year    = {2008},
		pages   = {S08004},
}
		