% This file was created with JabRef 2.9.2.
% Encoding: Cp1252

@ARTICLE{James:MuonID,
  author = {E. James et al.},
  title = {Muon {I}dentification in {CMS}},
  journal = {CMS AN},
  year = {2005},
  volume = {2005/047},
  owner = {Markus_2},
  timestamp = {2013.06.14}
}

@ARTICLE{CDF:Top,
  author = {F. Abe et al.},
  title = {Observation of Top Quark Production in $p\overline{p}$ collisions
	with the Collider Detector at Fermilab},
  journal = {Phys. Rev. Lett.},
  year = {1995},
  volume = {74(14)},
  pages = {2626-2631},
  owner = {Markus_2},
  timestamp = {2013.06.10}
}

@ARTICLE{Koba:CPV,
  author = {M. Kobayashi et al.},
  title = {{CP}-{V}iolation in the {R}enormalizable {T}heory of Weak Interaction},
  journal = {Progress of {T}heoretical {P}hysics},
  year = {1973},
  volume = {49(2)},
  pages = {652-657},
  owner = {Markus_2},
  timestamp = {2013.06.10}
}

@BOOK{LHC:Design1,
  title = {{LHC} {D}esign {R}eport {V}ol. 1: {T}he {LHC} {M}ain {R}ing},
  publisher = {CERN},
  year = {2004},
  author = {Oliver Brüning et al.},
  owner = {Markus_2},
  timestamp = {2013.06.14}
}

@ARTICLE{D0:Top,
  author = {S. Abachi et al.},
  title = {Search for {H}igh {M}ass {T}op {Q}uark {P}roduction in $p\overline{p}$
	{C}ollisions at $\sqrt{s} = 1.8$\, {T}e{V}},
  journal = {Phys. Rev. Lett.},
  year = {1995},
  volume = {74(13)},
  pages = {2422-2426},
  owner = {Markus_2},
  timestamp = {2013.06.10}
}

@ARTICLE{Baffioni:Reco,
  author = {Stephanie Baffioni et al.},
  title = {Electron {R}econstruction in {CMS}},
  journal = {CMS Note},
  year = {2006},
  volume = {2006/40},
  owner = {Markus_2},
  timestamp = {2013.08.05}
}

@ARTICLE{Chatrchyan:CrossSection,
  author = {Serguei Chatrchyan et al.},
  title = {Measurement of the $t\bar{t}$ {P}roduction {C}ross {S}ection in the
	{D}ilepton {C}hannel in $pp$ {C}ollisions at $\sqrt{s}=7$ {TeV}},
  journal = {Journal of High Energy Physics},
  year = {2012},
  volume = {1211},
  pages = {067},
  owner = {Markus_2},
  timestamp = {2013.08.07}
}

@TECHREPORT{PAS:Particleflow,
  author = {The {CMS}Collaboration et al.},
  title = {Particle-flow {E}vent {R}econstruction in {CMS} and {P}erformance
	for {J}ets, {T}au and {MET}},
  institution = {CERN},
  year = {2009},
  number = {PAS-PFT-09-001},
  owner = {Markus_2},
  timestamp = {2013.08.05}
}

@ARTICLE{Adam:Reco,
  author = {Wolfgang Adam et al.},
  title = {Track {R}econstruction in the {CMS} {T}racker},
  journal = {CMS Note},
  year = {2005},
  volume = {2006/41},
  owner = {Markus_2},
  timestamp = {2013.08.05}
}

@ARTICLE{Aguilar:Couplings,
  author = {J.A. Aguilar-Savedra},
  title = {A minimal set of top anomalous couplings},
  journal = {Nuclear Physics B},
  year = {2009},
  volume = {812(1)},
  pages = {181-204},
  owner = {Markus_2},
  timestamp = {2013.06.13}
}

@BOOK{Berger:Teilchen,
  title = {Elementarteilchenphysik},
  publisher = {Springer-Verlag},
  year = {1992},
  author = {Christoph Berger},
  owner = {Markus_2},
  timestamp = {2013.06.10}
}

@ARTICLE{ATLAS:Higgs,
  author = {The {ATLAS} {C}ollaboration},
  title = {Observation of a new particle in the search for the {S}tandard {M}odel
	{H}iggs boson with the {ATLAS} detector at the {LHC}},
  journal = {Phys. Lett. B},
  year = {2012},
  volume = {716(1)},
  pages = {1-29},
  owner = {Markus_2},
  timestamp = {2013.06.10}
}

@ARTICLE{CMS:Higgs,
  author = {The {CMS} {C}ollaboration},
  title = {Observation of a new boson at a mass of 125 {G}e{V} with the {CMS}
	experiment at the {LHC}},
  journal = {Phys. Lett. B},
  year = {2012},
  volume = {716(1)},
  pages = {30-61},
  owner = {Markus_2},
  timestamp = {2013.06.10}
}

@ARTICLE{CMS:Slice,
  author = {The {CMS} {C}ollaboration},
  title = {Interactive slice of the {CMS} detector},
  year = {2010},
  owner = {Markus_2},
  timestamp = {2013.08.02},
  url = {https://cms-docdb.cern.ch/cgi-bin/PublicDocDB/ShowDocument?docid=4172}
}

@ARTICLE{Catani:QCD,
  author = {Stefano Catani},
  title = {Aspects of {QCD}, from the {T}evatron to the {LHC}},
  journal = {arXiv:hep-ph/0005233},
  year = {2000},
  owner = {Markus_2},
  timestamp = {2013.06.12}
}

@ARTICLE{CMS:Lumiresults,
  author = {The CMS Collaboration},
  title = {{CMS} {L}uminosity - {P}ublic {R}esults},
  year = {2013},
  owner = {Markus_2},
  timestamp = {2013.06.14},
  url = {https://twiki.cern.ch/twiki/bin/view/CMSPublic/LumiPublicResults}
}

@TECHREPORT{CMS:BTag,
  author = {The CMS Collaboration},
  title = {b-{J}et {I}dentification in the {CMS}-{E}xperiment},
  institution = {CERN},
  year = {2012},
  number = {CMS-PAS-BTV-11-004},
  owner = {Markus_2},
  timestamp = {2013.08.07}
}

@TECHREPORT{PAS:TopMass,
  author = {The CMS Collaboration},
  title = {{LHC} {C}ombination: {T}op {M}ass},
  institution = {CERN},
  year = {2012},
  number = {CMS-PAS-TOP-12-001},
  owner = {Markus_2},
  timestamp = {2013.06.11}
}

@ARTICLE{CMS:WZProduction,
  author = {The CMS Collaboration},
  title = {Measurement of {W} and {Z} {P}roduction in pp {C}ollisions at $\sqrt{s}=7$
	TeV},
  journal = {Physics Letters B},
  year = {2011},
  volume = {701(5)},
  pages = {535-555},
  owner = {Markus_2},
  timestamp = {2013.08.08}
}

@TECHREPORT{PAS:Photonreco,
  author = {The CMS Collaboration},
  title = {Photon {R}econstruction and {I}dentification at sqrt(s) = 7 TeV},
  institution = {CERN},
  year = {2010},
  number = {CMS-PAS-EGM-10-005},
  owner = {Markus_2},
  timestamp = {2013.08.05}
}

@ARTICLE{Coll:CMSExperiment,
  author = {The CMS Collaboration},
  title = {The {CMS} {E}xperiment at the {CERN LHC}},
  journal = {Journal Of Instrumentation},
  year = {2008},
  volume = {3 08},
  pages = {S08004},
  owner = {Markus},
  timestamp = {2013.06.07}
}

@ARTICLE{Melnikov:GaugeBoson,
  author = {Kirill Melnikov und Frank Petriello},
  title = {Electroweak {G}auge {B}oson {P}roduction at {H}adron {C}olliders
	through $\mathcal {O}(\alpha_s^2)$},
  journal = {Phys. Rev. D},
  year = {2006},
  volume = {74:114017},
  owner = {Markus_2},
  timestamp = {2013.08.07}
}

@TECHREPORT{Haefner:SingleTop,
  author = {Petra Haefner},
  title = {Single {T}op {R}esults by {ATLAS} and {CMS}},
  institution = {arXiv:1205.1352},
  year = {2012},
  number = {ATL-PHYS-PROC-2012-019},
  owner = {Markus_2},
  timestamp = {2013.08.07}
}

@MASTERSTHESIS{Hegner:Diplom,
  author = {Benedikt Hegner},
  title = {Integration von {S}i-{S}treifenmodulen in den {V}orwärtsbereich des
	zentralen {CMS}-{S}purdetektors},
  school = {III. Physikalisches Institut B, RWTH Aachen},
  year = {2004},
  type = {Diplomarbeit},
  owner = {Markus_2},
  timestamp = {2013.06.14}
}

@ELECTRONIC{Heinson:Diagrams,
  author = {Ann Heinson},
  year = {2009},
  title = {Useful {D}iagrams of {T}op {S}ignals and {B}ackgrounds},
  url = {http://www-d0.fnal.gov/Run2Physics/top/top_public_web_pages/top_feynman_diagrams.html},
  owner = {Markus_2},
  timestamp = {2013.06.11}
}

@MASTERSTHESIS{Hoehle:Diplom,
  author = {Felix Höhle},
  title = {Untersichung von {S}pinkorrelationen im semileptonischen {T}op-{P}aar-{Z}erfall
	mit dem {CMS}-{E}xperiment},
  school = {III. Physikalisches Institut B, RWTH Aachen},
  year = {2010},
  type = {Diplomarbeit},
  owner = {Markus_2},
  timestamp = {2013.06.14}
}

@ARTICLE{Collins:Drell-Yan,
  author = {John C. Collins, Davison E. Soper und George Sterman},
  title = {Transverse {M}omentum {D}istribution in {D}rell-{Y}an {P}air and
	{W} and {Z} {B}oson {P}roduction},
  journal = {Nuclear Physics B},
  year = {1985},
  volume = {250(1)},
  pages = {199-224},
  owner = {Markus_2},
  timestamp = {2013.08.07}
}

@ARTICLE{Kalman:Filter,
  author = {Rudolph Emil Kalman},
  title = {A {N}ew {A}pproach to {L}inear {F}iltering and {P}rediction {P}roblems},
  journal = {Journal {O}f {B}asic {E}ngineering},
  year = {1960},
  volume = {82 Series D},
  pages = {35-45},
  owner = {Markus_2},
  timestamp = {2013.08.05}
}

@ARTICLE{Kidonakis:Cross,
  author = {Nikolaos Kidonakis},
  title = {Next-to-next-to-leading soft-gluon corrections for the top quark
	cross section and transverse momentum distribution},
  journal = {Phys. Rev. D},
  year = {2010},
  volume = {82(11)},
  pages = {114030},
  owner = {Markus_2},
  timestamp = {2013.06.12}
}

@PHDTHESIS{Kuessel:Doktor,
  author = {Yvonne Kuessel},
  title = {Constraints on the top quark's charge with the {CMS} experiment},
  school = {III. Physikalisches Institut B, RWTH Aachen},
  year = {2012},
  type = {Doktorarbeit},
  owner = {Markus_2},
  timestamp = {2013.08.07}
}

@MASTERSTHESIS{Kuessel:Diplom,
  author = {Yvonne Kuessel},
  title = {Massenbestimmung von {T}op-Quarks mit semileptonischen {T}op-{P}aar-{Z}erfällen
	am {CMS}-{D}etektor},
  school = {III. Physikalisches Institut B, RWTH Aachen},
  year = {2009},
  type = {Diplomarbeit},
  owner = {Markus},
  timestamp = {2013.06.07}
}

@ARTICLE{Cacciari:Antikt,
  author = {Matteo Cacciari, Gavin P. Salam und Gregory Soyez},
  title = {The anti-k t {j}et {c}lustering {a}lgorithm},
  journal = {Journal of High Energy Physics},
  year = {2008},
  volume = {2008 04},
  pages = {063-063},
  owner = {Markus_2},
  timestamp = {2013.08.06}
}

@ARTICLE{Saout:BTag,
  author = {Cristophe Saout},
  title = {B-{T}agging at {M}ultipurpose {LHC} {E}xperiments},
  journal = {Helmholtz Alliance Workshop, Detector Understanding with First LHC
	Data},
  year = {2009},
  owner = {Markus_2},
  timestamp = {2013.08.07}
}

@MASTERSTHESIS{Tholen:Master,
  author = {Heiner Josef Antonius Tholen},
  title = {Study of the {I}nclusive $t\overline{t} + \gamma$ {C}ross {S}ection
	with the {CMS} {E}xperiment},
  school = {III. Physikalisches Institut B, RWTH Aachen},
  year = {2012},
  type = {Masterarbeit},
  owner = {Markus_2},
  timestamp = {2013.06.14}
}

@ARTICLE{Bethe-Heidler,
  author = {Hans Bethe und Walter Heitler},
  title = {On the {S}topping of {F}ast {P}articles and on the {C}reation of
	{P}ositive {E}lectrons},
  journal = {Proceedings of the Royal Society of London. Series A. Containing
	Papers of a Mathematical and Physical Character},
  year = {1934},
  volume = {146 856},
  pages = {83-112},
  owner = {Markus_2},
  timestamp = {2013.08.05}
}

@ARTICLE{Fruehwirth:Reco,
  author = {Wolfgang Adam, Rudolf Frühwirth et al.},
  title = {Reconstruction of {E}lectrons with the {G}aussian-{S}um {F}ilter
	in the {CMS} {T}racker at the {LHC}},
  journal = {CMS Note},
  year = {2005},
  volume = {2005/001},
  owner = {Markus_2},
  timestamp = {2013.08.05}
}

